

@misc{Corlay:2013,
	author = {Corlay, Sylvain},
	howpublished = {arXiv e-prints},
	title = {Properties of the Ornstein-Uhlenbeck bridge},
	year = {2013}}

@book{Pavliotis:2006,
	author = {Pavliotis, Grigorios A.},
	publisher = {Springer, New York},
	series = {Texts in Applied Mathematics},
	title = {Stochastic processes and applications},
	volume = {60},
	year = {2014}}
