

@article{Betancourt:2018,
	author = {Michael Betancourt},
	month = {12},
	title = {A Geometric Theory of Higher-Order Automatic Differentiation},
	year = {2018}}

@book{Apostol:1967,
	author = {Apostol, Tom M.},
	edition = {Second},
	publisher = {Blaisdell Publishing Co. [Ginn and Co.], Waltham, Mass.-Toronto, Ont.-London},
	title = {Calculus. {V}ol. {I}: {O}ne-variable calculus, with an introduction to linear algebra},
	year = {1967}}

@book{Apostol:1969,
	author = {Apostol, Tom M.},
	edition = {Second},
	publisher = {Blaisdell Publishing Co. [Ginn and Co.], Waltham, Mass.-Toronto, Ont.-London},
	title = {Calculus. {V}ol. {II}: {M}ulti-variable calculus and linear algebra, with applications to differential equations and probability},
	year = {1969}}

@book{BoxEtAl:2005,
	author = {Box, George E. P. and Hunter, J. Stuart and Hunter, William G.},
	edition = {Second},
	publisher = {Wiley-Interscience [John Wiley \& Sons], Hoboken, NJ},
	series = {Wiley Series in Probability and Statistics},
	title = {Statistics for experimenters},
	year = {2005}}
