

@article{SimpsonEtAl:2017,
	author = {Simpson, Daniel and Rue, H{\aa}vard and Riebler, Andrea and Martins, Thiago G. and S{\o}rbye, Sigrunn H.},
	journal = {Statist. Sci.},
	month = {02},
	number = {1},
	pages = {1--28},
	title = {Penalising Model Component Complexity: A Principled, Practical Approach to Constructing Priors},
	volume = {32},
	year = {2017}}

@book{BoxEtAl:1973,
	author = {Box, George E. P. and Tiao, George C.},
	publisher = {Addison-Wesley Publishing Co., Reading, Mass.-London-Don Mills, Ont.},
	series = {Addison-Wesley Series in Behavioral Science: Quantitative Methods},
	title = {Bayesian inference in statistical analysis},
	year = {1973}}

@book{Good:1983,
	author = {Good, Irving John},
	publisher = {University of Minnesota Press, Minneapolis, MN},
	title = {Good thinking},
	year = {1983}}
