

@article{Pickands:1975,
	author = {James Pickands III},
	journal = {The Annals of Statistics},
	number = {1},
	pages = {119 -- 131},
	title = {{Statistical Inference Using Extreme Order Statistics}},
	volume = {3},
	year = {1975}}

@article{LEcuyerEtAl:2007,
	author = {L'Ecuyer, Pierre and Simard, Richard},
	journal = {ACM Trans. Math. Softw.},
	month = aug,
	number = {4},
	title = {TestU01: A C Library for Empirical Testing of Random Number Generators},
	volume = {33},
	year = {2007}}

@article{MatsumotoEtAl:1998,
	author = {Matsumoto, Makoto and Nishimura, Takuji},
	journal = {ACM Trans. Model. Comput. Simul.},
	month = jan,
	number = {1},
	pages = {3--30},
	title = {Mersenne Twister: A 623-Dimensionally Equidistributed Uniform Pseudo-Random Number Generator},
	volume = {8},
	year = {1998}}

@article{MetropolisEtAl:1949,
	author = {Nicholas Metropolis and S. Ulam},
	journal = {Journal of the American Statistical Association},
	number = {247},
	pages = {335-341},
	title = {The Monte Carlo Method},
	volume = {44},
	year = {1949}}

@article{VehtariEtAl:2015a,
	author = {Aki Vehtari and Daniel Simpson and Andrew Gelman and Yuling Yao and Jonah Gabry},
	month = {07},
	title = {Pareto Smoothed Importance Sampling},
	year = {2015}}

@article{Welford:1962,
	author = {B. P. Welford},
	journal = {Technometrics},
	number = {3},
	pages = {419--420},
	title = {Note on a Method for Calculating Corrected Sums of Squares and Products},
	volume = {4},
	year = {1962}}

@article{ZhangEtAl:2009,
	author = {Jin Zhang and Michael A. Stephens},
	journal = {Technometrics},
	number = {3},
	pages = {316--325},
	title = {A New and Efficient Estimation Method for the Generalized Pareto Distribution},
	volume = {51},
	year = {2009}}

@book{Devroye:1986,
	author = {Devroye, L},
	publisher = {Springer-Verlag},
	title = {Non-Uniform Random Variate Generation},
	year = {1986}}

@book{DiaconisEtAl:2017,
	author = {Diaconis, Persi and Skyrms, Brian},
	publisher = {Princeton University Press},
	title = {Ten Great Ideas about Chance},
	year = {2017}}

@book{Lemieux:2009,
	author = {Lemieux, Christiane},
	edition = {1},
	publisher = {Springer, New York, NY},
	series = {Springer Series in Statistics},
	title = {{M}onte {C}arlo and Quasi-{M}onte {C}arlo Sampling},
	year = {2009}}

@inproceedings{LEcuyer:2015,
	author = {L'Ecuyer, Pierre},
	booktitle = {Proceedings of the 2015 Winter Simulation Conference},
	editor = {L. Yilmaz, W. K V. Chan, I. Moon, T. M. K. Roeder, C. Macal, and M. D. Rossetti},
	month = {December},
	pages = {31--44},
	publisher = {IEEE Press},
	title = {Random number generation with multiple streams for sequential and parallel computing},
	year = {2015}}

@misc{DotyHumphrey:2021,
	author = {Chris Doty-Humphrey},
	howpublished = {\url{http://pracrand.sourceforge.net}},
	month = {April},
	title = {PractRand 0.94},
	year = {2021}}

@misc{NISTSTS:2020,
	author = {Random Bit Generation Team},
	howpublished = {\url{https://csrc.nist.gov/Projects/Random-Bit-Generation/Documentation-and-Software}},
	month = {June},
	title = {A Statistical Test Suite for Random and Pseudorandom Number Generators for Cryptographic Applications},
	year = {2020}}

@techreport{ONeill:2014,
	address = {Claremont, CA},
	author = {Melissa E. O'Neill},
	institution = {Harvey Mudd College},
	month = Sep,
	number = {HMC-CS-2014-0905},
	title = {PCG: A Family of Simple Fast Space-Efficient Statistically Good Algorithms for Random Number Generation},
	year = {2014}}
