

@book{Bishop:2006,
	author = {Bishop, Christopher M.},
	publisher = {Springer, New York},
	series = {Information Science and Statistics},
	title = {Pattern Recognition and Machine Learning},
	year = {2006}}

@book{BoxEtAl:2005,
	author = {Box, George E. P. and Hunter, J. Stuart and Hunter, William G.},
	edition = {Second},
	publisher = {Wiley-Interscience [John Wiley \& Sons], Hoboken, NJ},
	series = {Wiley Series in Probability and Statistics},
	title = {Statistics for experimenters},
	year = {2005}}

@article{Crenshaw:1989,
	author = {Crenshaw, Kimberl{\'e}},
	journal = {University of Chicago Legal Forum},
	pages = {139},
	title = {Demarginalizing the Intersection of Race and Sex: A Black Feminist Critique of Antidiscrimination Doctrine, Feminist Theory and Antiracist politics},
	volume = {1989},
	year = {1989}}

@article{WilkinsonEtAl:1973,
	author = {G. N. Wilkinson and C. E. Rogers},
	journal = {Journal of the Royal Statistical Society. Series C (Applied Statistics)},
	number = {3},
	pages = {392--399},
	title = {Symbolic Description of Factorial Models for Analysis of Variance},
	volume = {22},
	year = {1973}}
