

@book{Pavliotis:2006,
	author = {Pavliotis, Grigorios A.},
	publisher = {Springer, New York},
	series = {Texts in Applied Mathematics},
	title = {Stochastic processes and applications},
	volume = {60},
	year = {2014}}
