

@article{HillEtAl:2020,
	author = {Hill, Jennifer and Linero, Antonio and Murray, Jared},
	journal = {Annual Review of Statistics and Its Application},
	number = {1},
	pages = {251-278},
	title = {Bayesian Additive Regression Trees: A Review and Look Forward},
	volume = {7},
	year = {2020}}

@article{Pearl:2009,
	author = {Pearl, Judea},
	journal = {Stat. Surv.},
	pages = {96--146},
	title = {Causal inference in statistics: an overview},
	volume = {3},
	year = {2009}}

@article{LattimoreEtAl:2019b,
	author = {Finnian Lattimore and David Rohde},
	month = {10},
	title = {Causal inference with Bayes rule},
	year = {2019}}

@article{AngristEtAl:2001,
	author = {Joshua D Angrist and Alan B Krueger},
	journal = {Journal of Economic Perspectives},
	month = {nov},
	number = {4},
	pages = {69--85},
	title = {Instrumental Variables and the Search for Identification: From Supply and Demand to Natural Experiments},
	volume = {15},
	year = 2001}

@article{AbadieEtAl:2006,
	author = {Abadie, Alberto and Imbens, Guido W.},
	journal = {Econometrica},
	number = {1},
	pages = {235--267},
	title = {Large sample properties of matching estimators for average treatment effects},
	volume = {74},
	year = {2006}}

@article{Galton:1886,
	author = {Francis Galton},
	journal = {The Journal of the Anthropological Institute of Great Britain and Ireland},
	pages = {246--263},
	title = {Regression Towards Mediocrity in Hereditary Stature.},
	volume = {15},
	year = {1886}}

@article{LattimoreEtAl:2019a,
	author = {Finnian Lattimore and David Rohde},
	month = {06},
	title = {Replacing the do-calculus with Bayes rule},
	year = {2019}}
