

@book{Zwiebach:2009,
	author = {Zwiebach, Barton},
	edition = {2},
	publisher = {Cambridge University Press},
	title = {A First Course in String Theory},
	year = {2009}}

@article{Berkson:1944,
	author = {Joseph Berkson},
	journal = {Journal of the American Statistical Association},
	number = {227},
	pages = {357--365},
	title = {Application of the Logistic Function to Bio-Assay},
	volume = {39},
	year = {1944}}

@book{McCullaghEtAl:1989,
	author = {McCullagh, P and Nelder, JA},
	edition = {2nd},
	number = {37},
	publisher = {Chapman and Hall/CRC},
	series = {Monographs on Statistics and Applied Probability},
	title = {Generalized Linear Models},
	year = {1989}}

@book{TaylorEtAl:1965,
	address = {San Francisco},
	author = {Taylor, Edwin F and Wheeler, John Archibald},
	publisher = {W. H. Freeman and Company},
	title = {Spacetime Physics},
	year = {1965}}
