

@article{LattimoreEtAl:2019a,
	author = {Finnian Lattimore and David Rohde},
	month = {06},
	title = {Replacing the do-calculus with Bayes rule},
	year = {2019}}

@article{LattimoreEtAl:2019b,
	author = {Finnian Lattimore and David Rohde},
	month = {10},
	title = {Causal inference with Bayes rule},
	year = {2019}}

@article{Pearl:2009,
	author = {Pearl, Judea},
	journal = {Stat. Surv.},
	pages = {96--146},
	title = {Causal inference in statistics: an overview},
	volume = {3},
	year = {2009}}

@article{Sherrard-SmithEtAl:2017,
	author = {Sherrard-Smith, Ellie and Churcher, Thomas S. and Upton, Leanna M. and Sala, Katarzyna A. and Zakutansky, Sara E. and Slater, Hannah C. and Blagborough, Andrew M. and Betancourt, Michael},
	journal = {Malaria Journal},
	month = {Apr},
	number = {1},
	pages = {137},
	title = {A novel model fitted to multiple life stages of malaria for assessing efficacy of transmission-blocking interventions},
	volume = {16},
	year = {2017}}

@book{Bishop:2006,
	author = {Bishop, Christopher M.},
	publisher = {Springer, New York},
	series = {Information Science and Statistics},
	title = {Pattern Recognition and Machine Learning},
	year = {2006}}

@book{Fox:2010,
	author = {Jean-Paul Fox},
	publisher = {Springer New York},
	title = {Bayesian Item Response Modeling},
	year = 2010}

@inproceedings{GoodfellowEtAl:2014,
	author = {Goodfellow, Ian and Pouget-Abadie, Jean and Mirza, Mehdi and Xu, Bing and Warde-Farley, David and Ozair, Sherjil and Courville, Aaron and Bengio, Yoshua},
	booktitle = {Advances in Neural Information Processing Systems},
	editor = {Z. Ghahramani and M. Welling and C. Cortes and N. Lawrence and K. Q. Weinberger},
	publisher = {Curran Associates, Inc.},
	title = {Generative Adversarial Nets},
	volume = {27},
	year = {2014}}
