

@book{CoxEtAl:1984,
	author = {Cox, D. R. and Oakes, D.},
	publisher = {Chapman \& Hall, London},
	series = {Monographs on Statistics and Applied Probability},
	title = {Analysis of survival data},
	year = {1984}}

@book{HosmerEtAl:2008,
	author = {Hosmer, D.W. and Lemeshow, S. and May, S.},
	publisher = {Wiley},
	series = {Wiley Series in Probability and Statistics},
	title = {Applied Survival Analysis: Regression Modeling of Time-to-Event Data},
	year = {2008}}

@book{IbrahimEtAl:2001,
	author = {Joseph G. Ibrahim and Ming-Hui Chen and Debajyoti Sinha},
	publisher = {Springer New York},
	title = {Bayesian Survival Analysis},
	year = 2001}

@article{Cox:1972,
	author = {D. R. Cox},
	journal = {Journal of the Royal Statistical Society. Series B (Methodological)},
	number = {2},
	pages = {187--220},
	title = {Regression Models and Life-Tables},
	volume = {34},
	year = {1972}}
