

@article{Tweedie:1945,
	author = {Tweedie, M. C. K.},
	journal = {Nature},
	pages = {453},
	title = {Inverse statistical variates},
	volume = {155},
	year = {1945}}

@book{Jorgensen:1982,
	author = {J\o rgensen, Bent},
	publisher = {Springer-Verlag, New York-Berlin},
	series = {Lecture Notes in Statistics},
	title = {Statistical properties of the generalized inverse {G}aussian distribution},
	volume = {9},
	year = {1982}}

@article{Halphen:1941,
	author = {Halphen, E},
	journal = {Comptes Rendus de l'Acad\'{e}mie des Sciences},
	pages = {633--635},
	title = {Sur un nouveau type de courbe de fr\'{e}quence},
	volume = {213},
	year = {1941}}

@article{Good:1953,
	author = {Good, I. J.},
	journal = {Biometrika},
	pages = {237--264},
	title = {The population frequencies of species and the estimation of population parameters},
	volume = {40},
	year = {1953}}
